@book{Boothby1975,
 title = {An Introduction to Differentiable Manifolds and Riemannian Geometry},
 author = {Boothby, William M.},
 date = {1975},
 volume = {63},
 publisher = {Elsevier Science (USA)},
 doi = {https://doi.org/10.1016/S0079-8169(08)61028-4}
 }

@online{imt_software_wiki,
  author  = {NTNU, Department of Marine Technology},
  title   = {IMT Software Wiki - LaTeX},
  url     = {https://www.ntnu.no/wiki/display/imtsoftware/LaTeX},
  urldate = {2020-09-15}
}

@book{Lee2012:1,
  title     = {Introduction to Smooth Manifolds},
  author    = {Lee, John M.},
  date      = {2012},
  publisher = {Springer New York, NY},
  edition = {2},
  DOI = {10.1007/978-1-4419-9982-5}
}

@book{Boumal2023,
  title     = {An introduction to optimization on smooth manifolds},
  author    = {Boumal, Nicolas},
  date      = {2023},
  publisher = {Cambridge University Press},
  url       = {https://www.nicolasboumal.net/book},
  doi       = {10.1017/9781009166164}
}

@book{AbsilMahonySepulchre2008,
  title     = {Optimization Algorithms on Matrix Manifolds},
  author    = "Absil, P-A and Mahony, R and Sepulchre, R",
  date      = {2008},
  publisher = "Princeton University Press",
  isbn = {9780691132983},
}

@book{Tu2017,
  title = {Differential Geometry},
  author = {Tu,  Loring W.},
  date = {2017},
  publisher = {Springer International Publishing},
  doi = {10.1007/978-3-319-55084-8},
}

@article{Edelman1998,
  title = {The Geometry of Algorithms with Orthogonality Constraints},
  author = {Edelman,  Alan and Arias,  Tom√°s A. and Smith,  Steven T.},
  date = {1998},
  volume = {20},
  DOI = {10.1137/s0895479895290954},
  publisher = {Society for Industrial & Applied Mathematics (SIAM)},
  journal = {SIAM Journal on Matrix Analysis and Applications},
  eprint = {arXiv:physics/9806030v1},
  eprinttype = {arXiv},
}

@online{BendokatZimmermann2021,
title = {The real symplectic Stiefel and Grassmann manifolds: metrics, geodesics and applications},
author = {Bendokat, Thomas and Zimmermann, Ralf},
year = {2021},
eprinttype = {arXiv},
eprint = {arXiv:2108.12447v1}
}

@online{JensenZimmermann2024,
title = {Riemannian optimization on the symplectic Stiefel manifold using second-order information},
author = {Jensen, Rasmus and Zimmermann, Ralf},
year = {2024},
eprinttype = {arXiv},
eprint = {arXiv:2404.08463v2}
}

% Example of how to cite from Ronny Bergmann
% @BOOK{Lee:2012:1,
%   AUTHOR = {Lee, John M.},
%   PUBLISHER = {Springer New York},
%   DATE = {2012},
%   DOI = {10.1007/978-1-4419-9982-5},
%   EDITION = {2},
%   TITLE = {Introduction to Smooth Manifolds},
% }